<?xml version="1.0" encoding="UTF-8"?><record xmlns="http://www.loc.gov/MARC21/slim" xmlns:cinclude="http://apache.org/cocoon/include/1.0" xmlns:zs="http://www.loc.gov/zing/srw/">
  <leader>00509nz  a2200133n  4500</leader>
  <controlfield tag="001">n 2003014927</controlfield>
  <controlfield tag="003">DLC</controlfield>
  <controlfield tag="005">20031107105226.0</controlfield>
  <controlfield tag="008">031107n| acannaabn          |a aaa      </controlfield>
  <datafield tag="010" ind1=" " ind2=" ">
    <subfield code="a">n 2003014927</subfield>
  </datafield>
  <datafield tag="040" ind1=" " ind2=" ">
    <subfield code="a">DLC</subfield>
    <subfield code="b">eng</subfield>
    <subfield code="c">DLC</subfield>
  </datafield>
  <datafield tag="100" ind1="1" ind2=" ">
    <subfield code="a">Kissing, W.</subfield>
    <subfield code="q">(Wolfgang)</subfield>
  </datafield>
  <datafield tag="400" ind1="1" ind2=" ">
    <subfield code="a">Kissing, Wolfgang</subfield>
  </datafield>
  <datafield tag="670" ind1=" " ind2=" ">
    <subfield code="a">Altenbach, Holm. Mechanics of composite structural elements, 2004:</subfield>
    <subfield code="b">CIP t.p. (W. Kissing) t.p. verso (Prof. Dr. Wolfgang Kissing, Hochschule Wismar, FH fuĚr Technik, Wirtschaft und Gestaltung, Wismar, Germany)</subfield>
  </datafield>
</record>